|0000|007|0|01092013|30092013|SHELL BRASIL PETROLEO LTDA|10456016000248||RJ|79148350|3304557|0484458-0||A|0|
|0001|0|
|0005|LRJ1|21930030|PRAIA INTENDENTE BITTENCOURT|2|RIBEIRA|ILHA DO GOVERNADOR|2139847000|2139847000||
|0100|ANDREIA REIS MARTINS GINO|01436086736|077119||21930030|PRAIAINTENDENTE BITTENCOURT|61|1 ANDAR|ILHA DO GOVERNADOR|2139848895||andreia.gino@shell.com|3304557|
|0150|CX0132640|MERCEDES BENZ DO BRASIL LTDA|1058|59104273000129||635000011110|3548708||AV ALFRED JURZYKOWSKI|562||VILA PAULICEA|
|0150|CX0161543|TENNECO AUTOMOTIVE BRASIL LTDA|1058|44023471000190||456055453113|3530805||PCA VER MARCOS PORTIOLLI SL 2|26||SANTA LUZIA|
|0150|CX0175552|SUBSEA7 GESTAO BRASIL SA|1058|42153155000108||81330670|3302403||AV ARISTEU FERREIRA DA SILVA, 1661|||NOVO CAVALEIROS|
|0150|CX0184144|TUPY SA|1058|84683374000300||255505256|4209102||R ALBANO SCHIMIDT LETRA A|3400||BOA VISTA|
|0150|CX1004078|TRACTEBEL ENERGIA SA|1058|02474103001271||0040007464|4300901||VOLTA DO UVA|SN||VOLTA DO UVA|
|0150|CX1022994|AGGREKO ENER LOCACAO DE GERADORES L|1058|02283886000668||042943078|1302603||AV DESEMBARGADOR JOAO MACHADO|597||ALVORADA|
|0150|CX1022998|AGGREKO ENER LOCACAO DE GERADORES L|1058|02283886000820||153249030|1505536||AV REDENCAO LOTE 35 A 38|SN||LINHA VERDE|
|0150|CX1028941|AGGREKO ENER LOCACAO DE GERADORES L|1058|02283886001559||240231093|1400100||R PARQUE INDUSTRIAL|2701||DISTRITO INDUSTRIAL GOVERNADOR AQUI|
|0150|CX4000023|SHELL BRASIL PETROLEO LTDA|1058|10456016001996||206156087110|3505708||RUA CALÇADA DAS ORQUÍDEAS,||||
|0150|CX4000093|RODRIGO SHINZATO|1058||30252010884||3505708||CALÇADA DAS ORQUÍDEAS, 40||||
|0150|F210479|GR SERVIÇOS DE ALMIMENTAÇAO S/A|1058|02905110001957||81330174|3304557||AV PRES VARGAS, 824/844|||CENTRO|
|0150|F216768|HEWLLET PACKARD BRASIL LTDA|1058|61797924000740||421078076114|3527306||RUA 1, 1000, SL 17|||DISTRITO INDUSTRIAL|
|0150|F224056|AT&T GLOBAL NETWORK SERV BRASIL LTD|1058|03341093000700||748132631117|3519071||ROD SP101 CAMPINAS-MONTE MOR,SN KM9|||NUCLEO SANTA ISABEL|
|0190|ST|PECA|
|0200|100013130|ALIMENTOS|||ST|07|||||19|
|0200|100021130|CARREGADOR DE BATERIAS|||ST|08|||||19|
|0200|100026209|BOLSA|||ST|08|||||19|
|0200|100028478|Teclado/Mouse|||ST|08|||||13|
|0205|TECLADO/MOUSE|02092013|05092013||
|0200|100032506|SUPORTE PARA MONITOR STANDARD|||ST|07|||||19|
|0200|100032508|MAQ. AUT PROC DADOS DIG NOTEBO|||ST|07|||||19|
|0200|100033918|TRANSMISSOR UNIVERSAL|||ST|07|||||19|
|0400|2556AA|COMPRA DE MATERIAL PARA USO OU CONSUMO|
|0400|2551AB|COMPRA DE BEM PARA O ATIVO IMOBILIZADO|
|0400|2949AA|OUTRA ENTRADA DE MERCADORIA OU PRESTACAO DE SERVICO NAO ESPECIFICADO|
|0400|1556AA|COMPRA DE MATERIAL PARA USO OU CONSUMO|
|0460|999|INTERFACE|
|0990|32|
|C001|0|
|C100|0|1|F216768|55|00|5|280677|35130761797924000740550050002806771594224372|01072013|02092013|186,08|2|0|0|169,16|9|0|0|0|0|0|0|0|0|0|0|0|0|
|C170|1|100026209||1|ST|169,16|0|0|000|2556|2556AA|0|12|0|0|0|0|0|00||0|0|0||0|0|||0||0|0|||0|0007450100|
|C190|000|2556|12|186,08|0|0|0|0|0|0|999|
|C195|999|Dif. Aliq.      13,03        IPI      16,92|
|C100|0|1|F216768|55|00|5|281897|35130761797924000740550050002818971977039061|04072013|02092013|43,33|2|0|0|37,68|9|0|0|0|0|0|0|0|0|0|0|0|0|
|C170|1|100028478||1|ST|37,68|0|0|000|2556|2556AA|0|12|0|0|0|0|0|00||0|0|0||0|0|||0||0|0|||0|0007450100|
|C190|000|2556|12|43,33|0|0|0|0|0|0|999|
|C195|999|Dif. Aliq.      3,03        IPI      5,65|
|C100|0|1|F216768|55|00|5|281898|35130761797924000740550050002818981212018609|04072013|02092013|43,33|2|0|0|37,68|9|0|0|0|0|0|0|0|0|0|0|0|0|
|C170|1|100028478||1|ST|37,68|0|0|000|2556|2556AA|0|12|0|0|0|0|0|00||0|0|0||0|0|||0||0|0|||0|0007450100|
|C190|000|2556|12|43,33|0|0|0|0|0|0|999|
|C195|999|Dif. Aliq.      3,03        IPI      5,65|
|C100|0|1|F216768|55|00|5|281989|35130761797924000740550050002819891614663190|04072013|02092013|28,9|2|0|0|25,13|9|0|0|0|0|0|0|0|0|0|0|0|0|
|C170|1|100028478||1|ST|25,13|0|0|000|2556|2556AA|0|12|0|0|0|0|0|00||0|0|0||0|0|||0||0|0|||0|0007450100|
|C190|000|2556|12|28,9|0|0|0|0|0|0|999|
|C195|999|Dif. Aliq.      2,02        IPI      3,77|
|C100|0|1|F216768|55|00|5|281991|35130761797924000740550050002819911311191486|04072013|02092013|199,86|2|0|0|181,69|9|0|0|0|0|0|0|0|0|0|0|0|0|
|C170|1|100032506||1|ST|181,69|0|0|000|2551|2551AB|0|12|0|0|0|0|0|00||0|0|0||0|0|||0||0|0|||0|0007450100|
|C190|000|2551|12|199,86|0|0|0|0|0|0|999|
|C195|999|Dif. Aliq.      13,99        IPI      18,17|
|C100|0|1|F216768|55|00|5|281992|35130761797924000740550050002819921738095520|04072013|02092013|199,86|2|0|0|181,69|9|0|0|0|0|0|0|0|0|0|0|0|0|
|C170|1|100032506||1|ST|181,69|0|0|000|2551|2551AB|0|12|0|0|0|0|0|00||0|0|0||0|0|||0||0|0|||0|0007450100|
|C190|000|2551|12|199,86|0|0|0|0|0|0|999|
|C195|999|Dif. Aliq.      13,99        IPI      18,17|
|C100|0|1|F216768|55|00|5|290859|35130761797924000740550050002908591627283905|22072013|02092013|79,27|2|0|0|72,06|9|0|0|0|0|0|0|0|0|0|0|0|0|
|C170|1|100026209||1|ST|72,06|0|0|000|2556|2556AA|0|12|0|0|0|0|0|00||0|0|0||0|0|||0||0|0|||0|0007450100|
|C190|000|2556|12|79,27|0|0|0|0|0|0|999|
|C195|999|Dif. Aliq.      5,55        IPI      7,21|
|C100|0|1|F216768|55|00|5|291672|35130761797924000740550050002916721033376612|23072013|06092013|2863,31|2|0|0|2824,59|9|0|0|0|0|0|0|0|0|0|0|0|0|
|C170|1|100032508||1|ST|2701,56|0|0|000|2551|2551AB|0|12|0|0|0|0|0|00||0|0|0||0|0|||0||0|0|||0|0007991101|
|C170|2|100021130||1|ST|113,04|0|0|000|2551|2551AB|0|12|0|0|0|0|0|00||0|0|0||0|0|||0||0|0|||0|0007410400|
|C170|3|100028478||1|ST|9,99|0|0|000|2556|2556AA|0|12|0|0|0|0|0|00||0|0|0||0|0|||0||0|0|||0|0007450100|
|C190|000|2551|12|2851,82|0|0|0|0|0|0|999|
|C190|000|2556|12|11,49|0|0|0|0|0|0|999|
|C195|999|Dif. Aliq.      199,63        IPI      37,22 Dif. Aliq.      0,80        IPI      1,50|
|C100|0|1|F216768|55|00|5|302208|35130861797924000740550050003022081810513346|15082013|02092013|106,94|2|0|0|97,22|9|0|0|0|0|0|0|0|0|0|0|0|0|
|C170|1|100032506||1|ST|97,22|0|0|000|2551|2551AB|0|12|0|0|0|0|0|00||0|0|0||0|0|||0||0|0|||0|0007450100|
|C190|000|2551|12|106,94|0|0|0|0|0|0|999|
|C195|999|Dif. Aliq.      7,49        IPI      9,72|
|C100|0|1|F224056|55|00||6163|35130803341093000700550010000061631048500085|22082013|30092013|14613,36|2|0|0|14613,36|9|0|0|0|0|0|0|0|0|0|0|0|0|
|C170|1|100033918||1|ST|14613,36|0|1|040|2949|2949AA|0|0|0|0|0|0|0|02||0|0|0||0|0|||0||0|0|||0||
|C190|040|2949|0|14613,36|0|0|0|0|0|0|999|
|C100|0|1|F210479|55|00|118|351|33130802905110001957551180000003511000201617|26082013|02092013|5180,69|2|0|0|5180,69|0|0|0|0|0|0|0|0|0|0|0|0|0|
|C170|1|100013130||177|ST|739,89|0|0|000|1556|1556AA|0|12|0|0|0|0|0|02||0|0|0||0|0|||0||0|0|||0|0007010610|
|C170|2|100013130||244|ST|4440,8|0|0|000|1556|1556AA|0|12|0|0|0|0|0|02||0|0|0||0|0|||0||0|0|||0|0007010610|
|C190|000|1556|12|5180,69|0|0|0|0|0|0|999|
|C100|1|0|CX4000093|55|00|1|638|33130910456016000248550010000006381152878250|04092013|04092013|22,73|2|0|0|22,73|1|0|0|0|22,73|2,73|0|0|0|0|0|0|0|
|C190|000|6910|12|22,73|22,73|2,73|0|0|0|0|999|
|C100|1|0|CX1022998|55|00|1|636|33130910456016000248550010000006361152878239|04092013|04092013|64,52|2|0|0|64,52|0|0|0|0|64,52|4,52|0|0|0|0|0|0|0|
|C190|000|6910|7|64,52|64,52|4,52|0|0|0|0|999|
|C100|1|0||55|02|1|637|33130910456016000248550010000006371152878244|||||||||||||||||||||
|C100|1|0|CX4000093|55|00|1|639|33130910456016000248550010000006391152878265|04092013|04092013|22,73|2|0|0|22,73|1|0|0|0|22,73|2,73|0|0|0|0|0|0|0|
|C190|000|6910|12|22,73|22,73|2,73|0|0|0|0|999|
|C100|0|1|F224056|55|00||6211|35130903341093000700550010000062111920080005|04092013|30092013|512692,83|2|0|0|512692,83|9|0|0|0|0|0|0|0|0|0|0|0|0|
|C170|1|100033918||1|ST|512692,83|0|1|040|2949|2949AA|0|0|0|0|0|0|0|02||0|0|0||0|0|||0||0|0|||0||
|C190|040|2949|0|512692,83|0|0|0|0|0|0|999|
|C100|1|0|CX0184144|55|00|1|641|33130910456016000248550010000006411152888510|05092013|05092013|22,73|2|0|0|22,73|0|0|0|0|22,73|2,73|0|0|0|0|0|0|0|
|C190|000|6910|12|22,73|22,73|2,73|0|0|0|0|999|
|C100|1|0|CX0161543|55|00|1|640|33130910456016000248550010000006401152888504|05092013|05092013|45,46|2|0|0|45,46|0|0|0|0|45,46|5,46|0|0|0|0|0|0|0|
|C190|000|6910|12|45,46|45,46|5,46|0|0|0|0|999|
|C100|1|0|CX1004078|55|00|1|642|33130910456016000248550010000006421152892808|06092013|06092013|45,45|2|0|0|45,45|0|0|0|0|45,45|5,45|0|0|0|0|0|0|0|
|C190|000|6910|12|45,45|45,45|5,45|0|0|0|0|999|
|C100|1|0|CX0132640|55|00|1|643|33130910456016000248550010000006431152912415|11092013|11092013|22,73|2|0|0|22,73|0|0|0|0|22,73|2,73|0|0|0|0|0|0|0|
|C190|000|6910|12|22,73|22,73|2,73|0|0|0|0|999|
|C100|1|0|CX4000023|55|00|1|644|33130910456016000248550010000006441152920008|12092013|12092013|191,59|1|0|0|191,59|1|0|0|0|38,32|4,6|0|0|0|0|0|0|0|
|C190|000|6949|12|191,59|38,32|4,6|0|0|0|0|999|
|C100|0|1|F210479|55|00|118|358|33130902905110001957551180000003581000203290|13092013|20092013|5092,8|2|0|0|5092,8|0|0|0|0|0|0|0|0|0|0|0|0|0|
|C170|1|100013130||186|ST|777,49|0|0|000|1556|1556AA|0|12|0|0|0|0|0|02||0|0|0||0|0|||0||0|0|||0|0007010610|
|C170|2|100013130||231|ST|4204,22|0|0|000|1556|1556AA|0|12|0|0|0|0|0|02||0|0|0||0|0|||0||0|0|||0|0007010610|
|C170|3|100013130||23|ST|111,09|0|0|000|1556|1556AA|0|12|0|0|0|0|0|02||0|0|0||0|0|||0||0|0|||0|0007010610|
|C190|000|1556|12|5092,8|0|0|0|0|0|0|999|
|C100|1|0|CX0175552|55|00|1|645|33130910456016000248550010000006451152973214|20092013|20092013|24,69|2|0|0|24,69|0|0|0|0|24,69|4,69|0|0|0|0|0|0|0|
|C190|000|5910|19|24,69|24,69|4,69|0|0|0|0|999|
|C100|1|0|CX1028941|55|00|1|647|33130910456016000248550010000006471153006697|25092013|25092013|21,51|2|0|0|21,51|1|0|0|0|21,51|1,51|0|0|0|0|0|0|0|
|C190|000|6910|7|21,51|21,51|1,51|0|0|0|0|999|
|C100|1|0|CX1022994|55|00|1|646|33130910456016000248550010000006461153004778|25092013|25092013|64,52|2|0|0|64,52|0|0|0|0|64,52|4,52|0|0|0|0|0|0|0|
|C190|000|6910|7|64,52|64,52|4,52|0|0|0|0|999|
|C100|1|0|CX4000093|55|00|1|648|33130910456016000248550010000006481153016983|26092013|26092013|113,64|2|0|0|113,64|1|0|0|0|113,64|13,64|0|0|0|0|0|0|0|
|C190|000|6910|12|113,64|113,64|13,64|0|0|0|0|999|
|C100|1|0|CX4000093|55|00|1|649|33130910456016000248550010000006491153016999|26092013|26092013|136,37|2|0|0|136,37|1|0|0|0|136,37|16,36|0|0|0|0|0|0|0|
|C190|000|6910|12|136,37|136,37|16,36|0|0|0|0|999|
|C100|1|0||55|05|1|650|33130910456016000248550010000006501153024348|||||||||||||||||||||
|C100|1|0|CX4000023|55|00|1|651|33130910456016000248550010000006511153024353|27092013|27092013|11343,63|1|0|0|11343,63|1|0|0|0|0|0|0|0|0|0|0|0|0|
|C190|040|6552|0|11343,63|0|0|0|0|0|0|999|
|C100|1|0|CX4000023|55|00|1|652|33130910456016000248550010000006521153033791|30092013|30092013|1500|0|0|0|1500|1|0|0|0|0|0|0|0|0|0|0|0|0|
|C190|040|6552|0|1500|0|0|0|0|0|0|999|
|C990|88|
|D001|1|
|D990|2|
|E001|0|
|E100|01092013|30092013|
|E110|71,67|0|0|0|0|0|0|0|0|71,67|0|71,67|0|225,05|
|E111|RJ050005|Difal|225,05|
|E116|000|71,67|07102013|032-9|||||092013|
|E116|003|225,05|07102013|027-2|||||092013|
|E200|RJ|01092013|30092013|
|E210|0|0|0|0|0|0|0|0|0|0|0|0|0|0|
|E500|0|01092013|30092013|
|E510|1556|02|10273,49|0|0|
|E510|2551|00|3358,48|0|0|
|E510|2556|00|392,4|0|0|
|E510|2949|02|527306,19|0|0|
|E510|5910|52|24,69|0|0|
|E510|6552|52|12843,63|0|0|
|E510|6910|52|582,39|0|0|
|E510|6949|52|191,59|0|0|
|E520|952,57|0|0|0|0|952,57|0|
|E990|19|
|G001|1|
|G990|2|
|H001|1|
|H990|2|
|1001|0|
|1010|N|N|N|N|N|N|N|N|N|
|1990|3|
|9001|0|
|9900|0000|1|
|9900|0001|1|
|9900|0005|1|
|9900|0100|1|
|9900|0150|13|
|9900|0190|1|
|9900|0200|7|
|9900|0205|1|
|9900|0400|4|
|9900|0460|1|
|9900|0990|1|
|9900|1001|1|
|9900|1010|1|
|9900|1990|1|
|9900|9001|1|
|9900|9990|1|
|9900|9999|1|
|9900|C001|1|
|9900|C100|30|
|9900|C170|18|
|9900|C190|29|
|9900|C195|9|
|9900|C990|1|
|9900|D001|1|
|9900|D990|1|
|9900|E001|1|
|9900|E100|1|
|9900|E110|1|
|9900|E111|1|
|9900|E116|2|
|9900|E200|1|
|9900|E210|1|
|9900|E500|1|
|9900|E510|8|
|9900|E520|1|
|9900|E990|1|
|9900|G001|1|
|9900|G990|1|
|9900|H001|1|
|9900|H990|1|
|9900|9900|41|
|9990|44|
|9999|192|
